@article{alaoglu_erdos_1944,
  title   = {On highly composite and similar numbers},
  volume  = {56},
  doi     = {10.1090/s0002-9947-1944-0011087-2},
  journal = {Transactions of the American Mathematical Society},
  author  = {Alaoglu, L. and Erdös, P.},
  year    = {1944},
  pages   = {448–448}
}
@article{ellingsen_2019,
  title   = {A Fresh Look at Highly Composite Numbers},
  volume  = {126},
  doi     = {10.1080/00029890.2019.1632631},
  number  = {8},
  journal = {The American Mathematical Monthly},
  author  = {Ellingsen, Harold W.},
  year    = {2019},
  pages   = {740–741}
}
@article{erdos_1944,
  title   = {On Highly Composite Numbers},
  volume  = {19},
  doi     = {10.1112/jlms/19.75_part_3.130},
  number  = {75_Part_3},
  journal = {Journal of the London Mathematical Society},
  author  = {Erd{"o}s, P.},
  year    = {1944},
  pages   = {130–134}
}
@article{erdös_nicolas_sárközy_1998,
  title   = {On Large Values of the Divisor Function},
  volume  = {2},
  doi     = {10.1023/a:1009730512767},
  number  = {1-2},
  journal = {The Ramanujan Journal},
  author  = {Erdös, P. and Nicolas, J-L. and Sárközy, A.},
  year    = {1998},
  pages   = {225–245}
}
@article{murty_murty_2012,
  title   = {Prime Numbers and Highly Composite Numbers},
  doi     = {10.1007/978-81-322-0770-2_10},
  journal = {The Mathematical Legacy of Srinivasa Ramanujan},
  author  = {Murty, M. Ram and Murty, V. Kumar},
  year    = {2012},
  month   = {Jun},
  pages   = {135–147}
}
@article{nicolas_ramanujan,
  author    = {Nicolas, Jean-Louis},
  title     = {R\'epartition des nombres hautement compos\'es de Ramanujan},
  journal   = {S\'eminaire de th\'eorie des nombres de Bordeaux},
  publisher = {Laboratoire de th\'eorie des nombres - Universit\'e de Bordeaux I},
  year      = {1969-1970},
  note      = {talk:13},
  pages     = {1-18},
  language  = {fr},
  url       = {http://www.numdam.org/item/STNB_1969-1970____A13_0}
}
@article{nicolas_sondow_2014,
  title   = {Ramanujan, Robin, Highly Composite Numbers, and the Riemann Hypothesis},
  doi     = {10.1090/conm/627/12539},
  journal = {Ramanujan 125 Contemporary Mathematics},
  author  = {Nicolas, Jean-Louis and Sondow, Jonathan},
  year    = {2014},
  pages   = {145–156}
}
@article{ramanujan_1915,
  title   = {Highly Composite Numbers},
  volume  = {2},
  doi     = {10.1112/plms/s2_14.1.347},
  journal = {Proceedings of the London Mathematical Society},
  author  = {Ramanujan, S.},
  year    = {1915},
  pages   = {347–409}
}
@article{ratering_1991,
  title   = {An Interesting Subset of the Highly Composite Numbers},
  volume  = {64},
  doi     = {10.2307/2690653},
  number  = {5},
  journal = {Mathematics Magazine},
  author  = {Ratering, Steven},
  year    = {1991},
  month   = {Jan},
  pages   = {343}
}
@book{sandor_mitrinovic_crstici_2006,
  place     = {Dordrecht},
  title     = {Handbook of Number Theory},
  volume    = {1},
  publisher = {Springer},
  author    = {Sándor József and Mitrinović Dragoslav S. and Crstici, Borislav},
  year      = {2006},
  pages     = {45,46}
}
@article{siano_diano_1994,
  title={An Algorithm for Generating Highly Composite Numbers},
  author={Siano, D B and Diano, J D},
  year={1994},
  month={Oct},
  pages={1–12}
}